<?xml version="1.0" encoding="UTF-8"?><collection xmlns="http://www.loc.gov/MARC21/slim"><record><leader>00637nam--2200193-u-4500</leader><controlfield tag="001">000056745</controlfield><controlfield tag="002">20190515</controlfield><controlfield tag="005">20190515024231</controlfield><controlfield tag="008">190515s1000------------r-----000-0-eng-d</controlfield><datafield ind1=" " ind2=" " tag="040"><subfield code="a">IFIN-HH</subfield></datafield><datafield ind1=" " ind2=" " tag="041"><subfield code="a">eng</subfield></datafield><datafield ind1="1" ind2=" " tag="100"><subfield code="a">Martinot, M</subfield></datafield><datafield ind1="1" ind2="0" tag="245"><subfield code="a">Selected Aspects of Heavy Ion Reactiona. Proceedings of the International Conference on Selected Aspects of Heavy Ion Reactions</subfield><subfield code="c">M. Martinot, C. Ngo, P. Gugenberger (eds.)</subfield></datafield><datafield ind1=" " ind2=" " tag="260"><subfield code="a">Amsterdam</subfield><subfield code="b">North-Holland Publishing Company</subfield><subfield code="c">1982</subfield></datafield><datafield ind1=" " ind2=" " tag="300"><subfield code="a">VII-XI + 374 p</subfield></datafield><datafield ind1=" " ind2=" " tag="500"><subfield code="a">Donatie Brancus</subfield></datafield><datafield ind1="1" ind2=" " tag="700"><subfield code="a">P. Gugenberger</subfield></datafield><datafield ind1=" " ind2=" " tag="852"><subfield code="a">82708</subfield><subfield code="c">539.17</subfield></datafield><datafield ind1=" " ind2=" " tag="CAT"><subfield code="a">SYS</subfield><subfield code="c">20190515</subfield><subfield code="h">024231</subfield></datafield></record></collection>